@inproceedings{glove,
  title={Glove: Global Vectors for Word Representation.},
  author={Pennington, Jeffrey and Socher, Richard and Manning, Christopher D},
  booktitle={EMNLP},
  volume={14},
  pages={1532--43},
  year={2014}
}

% These might not be relevant for us, I just leave them as an example
@article{go2016mastering,
  title={Mastering the game of Go with deep neural networks and tree search},
  author={Silver, David and Huang, Aja and Maddison, Chris J and Guez, Arthur and Sifre, Laurent and Van Den Driessche, George and Schrittwieser, Julian and Antonoglou, Ioannis and Panneershelvam, Veda and Lanctot, Marc and others},
  journal={Nature},
  volume={529},
  number={7587},
  pages={484--489},
  year={2016},
  publisher={Nature Research}
}
@book{bellman2013dynamic,
  title={Dynamic programming},
  author={Bellman, Richard},
  year={2013},
  publisher={Courier Corporation}
}
@inproceedings{mnih2016asynchronous,
  title={Asynchronous methods for deep reinforcement learning},
  author={Mnih, Volodymyr and Badia, Adria Puigdomenech and Mirza, Mehdi and Graves, Alex and Lillicrap, Timothy and Harley, Tim and Silver, David and Kavukcuoglu, Koray},
  booktitle={International Conference on Machine Learning},
  pages={1928--1937},
  year={2016}
}

@Article{kallet04methods,
  author = 	 {Richard H Kallet},
  title = 	 {How to Write the Methods Section of a Research Paper},
  journal = 	 {Respiratory Care},
  year = 	 2004,
  volume =	 49,
  number =	 10,
  pages =	 {1229--1232}
}

@Unpublished{anderson04,
  author = 		 {Greg Anderson},
  title = 		 {How to Write a Paper in Scientific Journal Style and Format},
  year = 	 2004,
  organization = {Bates College},
  note = {http://abacus.bates.edu/~ganderso/biology/resources/writing/HTWtoc.html}
}

@Unpublished{jones08,
  author = 		 {Simon Peyton Jones},
  title = 		 {How to write a great research paper},
  note = 		 {Microsoft Research Cambridge},
  year = 	 2008}

@Article{editor10,
  author = 		 {Editorial},
  title = 		 {Scientific writing 101},
  journal = 	 {Nature Structural \& Molecular Biology},
  year = 		 2010,
  volume = 	 17,
  pages = 	 139}

@TechReport{wavelab,
  author = 		 {Jonathan B. Buckheit and David L. Donoho},
  title = 		 {WaveLab and Reproducible Research},
  institution =  {Stanford University},
  year = 		 2009}

@article{gentleman05,
        title = {Reproducible Research: A Bioinformatics Case Study},
        author = {Gentleman, Robert},
        year = {2005},
        journal = {Statistical Applications in Genetics and Molecular Biology},
        volume = 4,
        number = 1,
        publisher = {The Berkeley Electronic Press},
        url = {http://www.bepress.com/sagmb/vol4/iss1/art2}
}

@article{schwab00,
 author = {Schwab, Matthias and Karrenbach, Martin and Claerbout, Jon},
 title = {Making scientific computations reproducible},
 journal = {Computing in Science and Engg.},
 volume = {2},
 number = {6},
 year = {2000},
 issn = {1521-9615},
 pages = {61--67},
 doi = {http://dx.doi.org/10.1109/5992.881708},
 publisher = {IEEE Educational Activities Department},
 address = {Piscataway, NJ, USA},
 }



@Book{spolsky04software,
  author = 	 {Joel Spolsky},
  title = 		 {Joel on Software: And on Diverse \& Occasionally Related Matters That Will Prove of Interest etc..: And on Diverse and Occasionally Related Matters ... or Ill-Luck, Work with Them in Some Capacity},
  publisher = 	 {APRESS},
  year = 		 2004}

@Book{hunt99pragmatic,
  author = 	 {Andrew Hunt and David Thomas},
  title = 		 {The Pragmatic Programmer},
  publisher = 	 {Addison Wesley},
  year = 		 1999}

@article{scikit-learn,
 title={Scikit-learn: Machine Learning in {P}ython},
 author={Pedregosa, F. and Varoquaux, G. and Gramfort, A. and Michel, V.
         and Thirion, B. and Grisel, O. and Blondel, M. and Prettenhofer, P.
         and Weiss, R. and Dubourg, V. and Vanderplas, J. and Passos, A. and
         Cournapeau, D. and Brucher, M. and Perrot, M. and Duchesnay, E.},
 journal={Journal of Machine Learning Research},
 volume={12},
 pages={2825--2830},
 year={2011}
}

@misc{allo,
author = {Pranav Khaitan},
title = {Chat Smarter with Allo},
howpublished = {\url{https://ai.googleblog.com/2016/05/chat-smarter-with-allo.html}},
month = {},
year = {},
note = {(Accessed on 3/07/2018)}
}

@inproceedings{Sutskever,
 author = {Sutskever, Ilya and Martens, James and Hinton, Geoffrey},
 title = {Generating Text with Recurrent Neural Networks},
 booktitle = {Proceedings of the 28th International Conference on International Conference on Machine Learning},
 series = {ICML'11},
 year = {2011},
 isbn = {978-1-4503-0619-5},
 location = {Bellevue, Washington, USA},
 pages = {1017--1024},
 numpages = {8},
 url = {http://dl.acm.org/citation.cfm?id=3104482.3104610},
 acmid = {3104610},
 publisher = {Omnipress},
 address = {USA},
}

@InProceedings{DiWang,
  author = 	"Wang, Di
		and Nyberg, Eric",
  title = 	"A Long Short-Term Memory Model for Answer Sentence Selection in Question      Answering    ",
  booktitle = 	"Proceedings of the 53rd Annual Meeting of the Association for      Computational Linguistics and the 7th International Joint Conference on      Natural Language Processing (Volume 2: Short Papers)    ",
  year = 	"2015",
  publisher = 	"Association for Computational Linguistics",
  pages = 	"707--712",
  location = 	"Beijing, China",
  doi = 	"10.3115/v1/P15-2116",
  url = 	"http://www.aclweb.org/anthology/P15-2116"
}

@article{DBLP,
  author    = {Subhashini Venugopalan and
               Marcus Rohrbach and
               Jeff Donahue and
               Raymond J. Mooney and
               Trevor Darrell and
               Kate Saenko},
  title     = {Sequence to Sequence - Video to Text},
  journal   = {CoRR},
  volume    = {abs/1505.00487},
  year      = {2015},
  url       = {http://arxiv.org/abs/1505.00487},
  archivePrefix = {arXiv},
  eprint    = {1505.00487},
  timestamp = {Wed, 07 Jun 2017 14:40:36 +0200},
  biburl    = {https://dblp.org/rec/bib/journals/corr/VenugopalanRDMD15},
  bibsource = {dblp computer science bibliography, https://dblp.org}
}


@inproceedings{chaturvedi2017,
  title={{Story Comprehension for Predicting What Happens Next}},
  author={Chaturvedi, Snigdha and Peng, Haoruo and Roth, Dan},
  booktitle={Proceedings of the 2017 Conference on Empirical Methods in Natural Language Processing},
  pages={1603--1614},
  year={2017}
}

@MISC{emnlp,
      author = {Snigdha Chaturvedi and Haoruo Peng and Dan Roth},
      title = {{StoryComprehension EMNLP}},
      note = {\url{https://github.com/snigdhac/StoryComprehension_EMNLP}},
}

